@book{james2013introduction,
  title={An introduction to statistical learning},
  author={James, Gareth and Witten, Daniela and Hastie, Trevor and Tibshirani, Robert},
  volume={112},
  year={2013},
  publisher={Springer}
}
@book{zaki2019data,
  title={Data Mining and Machine Learning: Fundamental Concepts and Algorithms},
  author={Zaki, Mohammed J and Meira Jr, Wagner},
  year={2019},
  publisher={Cambridge University Press}
}

