@article{strappini2017adaptive,
  title={Adaptive smoothing based on Gaussian processes regression increases the sensitivity and specificity of fMRI data},
  author={Strappini, Francesca and Gilboa, Elad and Pitzalis, Sabrina and Kay, Kendrick and McAvoy, Mark and Nehorai, Arye and Snyder, Abraham Z},
  journal={Human brain mapping},
  volume={38},
  number={3},
  pages={1438--1459},
  year={2017},
  publisher={Wiley Online Library}
}
@book{rasmussen2006gaussian,
  title={Gaussian processes for machine learning},
  author={Rasmussen, Carl Edward and Williams, Christopher KI},
  volume={1},
  year={2006},
  publisher={MIT press Cambridge}
}
@inproceedings{wilson2013gaussian,
  title={Gaussian process kernels for pattern discovery and extrapolation},
  author={Wilson, Andrew and Adams, Ryan},
  booktitle={Proceedings of the 30th International Conference on Machine Learning (ICML-13)},
  pages={1067--1075},
  year={2013}
}
@inproceedings{wilson2014fast,
  title={Fast kernel learning for multidimensional pattern extrapolation},
  author={Wilson, Andrew and Gilboa, Elad and Cunningham, John P and Nehorai, Arye},
  booktitle={Advances in Neural Information Processing Systems},
  pages={3626--3634},
  year={2014}
}
@article{wilson2014covariance,
  title={Covariance kernels for fast automatic pattern discovery and extrapolation with Gaussian processes},
  author={Wilson, Andrew Gordon},
  journal={University of Cambridge},
  year={2014}
}
@inproceedings{wilson2015kernel,
  title={Kernel interpolation for scalable structured Gaussian processes (KISS-GP)},
  author={Wilson, Andrew and Nickisch, Hannes},
  booktitle={International Conference on Machine Learning},
  pages={1775--1784},
  year={2015}
}
@inproceedings{tobar2015learning,
  title={Learning stationary time series using Gaussian processes with nonparametric kernels},
  author={Tobar, Felipe and Bui, Thang D and Turner, Richard E},
  booktitle={Advances in Neural Information Processing Systems},
  pages={3501--3509},
  year={2015}
}
@article{duvenaud2013structure,
  title={Structure discovery in nonparametric regression through compositional kernel search},
  author={Duvenaud, David and Lloyd, James Robert and Grosse, Roger and Tenenbaum, Joshua B and Ghahramani, Zoubin},
  journal={arXiv preprint arXiv:1302.4922},
  year={2013}
}
@inproceedings{herlands2016scalable,
  title={Scalable Gaussian Processes for Characterizing Multidimensional Change Surfaces},
  author={Herlands, William and Wilson, Andrew and Nickisch, Hannes and Flaxman, Seth and Neill, Daniel and Van Panhuis, Wilbert and Xing, Eric},
  booktitle={Artificial Intelligence and Statistics},
  pages={1013--1021},
  year={2016}
}
@article{woolrich2001temporal,
  title={Temporal autocorrelation in univariate linear modeling of FMRI data},
  author={Woolrich, Mark W and Ripley, Brian D and Brady, Michael and Smith, Stephen M},
  journal={Neuroimage},
  volume={14},
  number={6},
  pages={1370--1386},
  year={2001},
  publisher={Elsevier}
}
@Article{varadhan2009bb,
  title = {{BB}: An {R} Package for Solving a Large System of Nonlinear Equations and for Optimizing a High-Dimensional Nonlinear Objective Function},
  author = {Ravi Varadhan and Paul Gilbert},
  journal = {Journal of Statistical Software},
  year = {2009},
  volume = {32},
  number = {4},
  pages = {1--26},
  url = {http://www.jstatsoft.org/v32/i04/},
}
@inproceedings{jang2017scalable,
  title={Scalable L{\'e}vy Process Priors for Spectral Kernel Learning},
  author={Jang, Phillip A and Loeb, Andrew and Davidow, Matthew and Wilson, Andrew G},
  booktitle={Advances in Neural Information Processing Systems},
  pages={3940--3949},
  year={2017}
}
@article{nason2014white,
  title={White noise testing using wavelets},
  author={Nason, Guy P and Savchev, Delyan},
  journal={Stat},
  volume={3},
  number={1},
  pages={351--362},
  year={2014},
  publisher={Wiley Online Library}
}
@article{zhang2019csgmcmc,
  title={Cyclical Stochastic Gradient MCMC for Bayesian Deep Learning},
  author={Zhang, Ruqi and Li, Chunyuan and Zhang, Jianyi and Chen, Changyou and Wilson, Andrew Gordon},
  journal={arXiv pre-print arXiv:1902.03932},
  year={2019}
}
@article{kingma2014adam,
  title={Adam: A method for stochastic optimization},
  author={Kingma, Diederik P and Ba, Jimmy},
  journal={arXiv preprint arXiv:1412.6980},
  year={2014}
}
@article{zhang2019cyclical,
  title={Cyclical stochastic gradient MCMC for Bayesian deep learning},
  author={Zhang, Ruqi and Li, Chunyuan and Zhang, Jianyi and Chen, Changyou and Wilson, Andrew Gordon},
  journal={arXiv preprint arXiv:1902.03932},
  year={2019}
}
